@article{rossum1995python,
  title={Python reference manual},
  author={Rossum, Guido},
  year={1995},
  publisher={CWI (Centre for Mathematics and Computer Science)}
}

@book{lutz2001programming,
  title={Programming python},
  author={Lutz, Mark},
  year={2001},
  publisher={" O'Reilly Media, Inc."}
}

@article{pedregosa2011scikit,
  title={Scikit-learn: Machine learning in Python},
  author={Pedregosa, Fabian and Varoquaux, Ga{\"e}l and Gramfort, Alexandre and Michel, Vincent and Thirion, Bertrand and Grisel, Olivier and Blondel, Mathieu and Prettenhofer, Peter and Weiss, Ron and Dubourg, Vincent and others},
  journal={the Journal of machine Learning research},
  volume={12},
  pages={2825--2830},
  year={2011},
  publisher={JMLR. org}
}