@online{one,
author = {SIL International},
title = {{Languages of World} Summery by World Area},
year = {2016},
url = {http://www.ethnologue.com/statistics},
}

@book{jurafsky2000speech,
  title={Speech \& language processing},
  author={Jurafsky, Dan},
  year={2000},
  publisher={Pearson Education India}
}

@INPROCEEDINGS{moore2005towards, 
author={R. K. Moore}, 
booktitle={Fourth IEEE Conference on Cognitive Informatics, 2005. (ICCI 2005).}, 
title={Towards a unified theory of spoken language processing}, 
year={2005}, 
pages={167-172}, 
keywords={natural languages;speech processing;automated spoken language processing systems;cognitive informatics;human spoken language processing;machine spoken language processing;Acoustical engineering;Auditory system;Automatic speech recognition;Computer science;Humans;Natural languages;Organisms;Psychoacoustic models;Psychology;Speech processing}, 
doi={10.1109/COGINF.2005.1532629}, 
month={Aug},}

@article{lippmann1997speech,
  title={Speech recognition by machines and humans},
  author={Lippmann, Richard P},
  journal={Speech communication},
  volume={22},
  number={1},
  pages={1--15},
  year={1997},
  publisher={Elsevier}
}